
@article{Adam2020,
	title = {Planning for cycling in the dispersed city: establishing a hierarchy of effectiveness of municipal cycling policies},
	volume = {47},
	issn = {0049-4488, 1572-9435},
	shorttitle = {Planning for cycling in the dispersed city},
	url = {http://link.springer.com/10.1007/s11116-018-9878-3},
	doi = {10.1007/s11116-018-9878-3},
	language = {en},
	number = {2},
	journal = {Transportation},
	author = {Adam, Lukas and Jones, Tim and te Brömmelstroet, Marco},
	month = apr,
	year = {2020},
	pages = {503--527},
}

@Manual{Allaire2020,
    title = {rticles: Article Formats for R Markdown},
    author = {JJ Allaire and Yihui Xie and {R Foundation} and Hadley Wickham and {Journal of Statistical Software} and Ramnath  Vaidyanathan and {Association for Computing Machinery} and Carl Boettiger and {Elsevier} and Karl Broman and Kirill Mueller and Bastiaan Quast and Randall  Pruim and Ben Marwick and Charlotte Wickham and Oliver Keyes and Miao Yu and Daniel Emaasit and Thierry Onkelinx and Alessandro Gasparini and Marc-Andre Desautels and Dominik Leutnant and {MDPI} and {Taylor and Francis} and Oguzhan Ögreden and Dalton Hance and Daniel Nüst and Petter Uvesten and Elio Campitelli and John Muschelli and Zhian N. Kamvar and Noam Ross and Robrecht Cannoodt and Duncan Luguern and David M. Kaplan},
    year = {2020},
    note = {R package version 0.14},
    url = {https://CRAN.R-project.org/package=rticles},
  }

@Manual{Arnold2019,
    title = {ggthemes: Extra Themes, Scales and Geoms for 'ggplot2'},
    author = {Jeffrey B. Arnold},
    year = {2019},
    note = {R package version 4.2.0},
    url = {https://CRAN.R-project.org/package=ggthemes},
  }

@article{Assuncao2019,
	title = {Increasing cycling for transportation in Canadian communities: Understanding what works},
	volume = {123},
	issn = {09658564},
	shorttitle = {Increasing cycling for transportation in {Canadian} communities},
	url = {https://linkinghub.elsevier.com/retrieve/pii/S0965856417314684},
	doi = {10.1016/j.tra.2018.11.010},
	language = {en},
	journal = {Transportation Research Part A: Policy and Practice},
	author = {Assunçao-Denis, Marie-Ève and Tomalty, Ray},
	month = may,
	year = {2019},
	pages = {288--304},
}

@article{Avila2018,
   author = {Avila-Palencia, I and Int Panis, L and Dons, E and Gaupp-Berghausen, M et al.},
   title = {The effects of transport mode use on self-perceived health, mental health, and social contact measures: A cross-sectional and longitudinal study},
   journal = {Environment International},
   volume = {120},
   pages = {199-206},
   DOI = {https://doi.org/10.1016/j.envint.2018.08.002},
   year = {2018},
   type = {Journal Article}
}

@Book{Bivand2013,
    author = {Roger S. Bivand and Edzer Pebesma and Virgilio Gomez-Rubio},
    title = {Applied spatial data analysis with {R}, Second edition},
    year = {2013},
    publisher = {Springer, NY},
    url = {http://www.asdar-book.org/},
  }

@article{Branion2019,
	title = {Associations between individual characteristics, availability of bicycle infrastructure, and city-wide safety perceptions of bicycling: {A} cross-sectional survey of bicyclists in 6 {Canadian} and {U}.{S}. cities},
	volume = {123},
	issn = {09658564},
	shorttitle = {Associations between individual characteristics, availability of bicycle infrastructure, and city-wide safety perceptions of bicycling},
	url = {https://linkinghub.elsevier.com/retrieve/pii/S0965856417314933},
	doi = {10.1016/j.tra.2018.10.024},
	language = {en},
	journal = {Transportation Research Part A: Policy and Practice},
	author = {Branion-Calles, Michael and Nelson, Trisalyn and Fuller, Daniel and Gauvin, Lise and Winters, Meghan},
	month = may,
	year = {2019},
	pages = {229--239},
}


@article{Broach2012,
	title = {Where do cyclists ride? A route choice model developed with revealed preference GPS data},
	volume = {46},
	issn = {09658564},
	shorttitle = {Where do cyclists ride?},
	url = {https://linkinghub.elsevier.com/retrieve/pii/S0965856412001164},
	doi = {10.1016/j.tra.2012.07.005},
	language = {en},
	number = {10},
	journal = {Transportation Research Part A: Policy and Practice},
	author = {Broach, Joseph and Dill, Jennifer and Gliebe, John},
	month = dec,
	year = {2012},
	pages = {1730--1740},
}

@article{Buehler2012,
	title = {Cycling to work in 90 large American cities: new evidence on the role of bike paths and lanes},
	volume = {39},
	issn = {0049-4488, 1572-9435},
	shorttitle = {Cycling to work in 90 large {American} cities},
	url = {http://link.springer.com/10.1007/s11116-011-9355-8},
	doi = {10.1007/s11116-011-9355-8},
	language = {en},
	number = {2},
	journal = {Transportation},
	author = {Buehler, Ralph and Pucher, John},
	month = mar,
	year = {2012},
	pages = {409--432},
}

@article{Buehler2016,
	title = {Bikeway Networks: A Review of Effects on Cycling},
	volume = {36},
	issn = {0144-1647, 1464-5327},
	shorttitle = {Bikeway {Networks}},
	url = {http://www.tandfonline.com/doi/full/10.1080/01441647.2015.1069908},
	doi = {10.1080/01441647.2015.1069908},
	language = {en},
	number = {1},
	journal = {Transport Reviews},
	author = {Buehler, Ralph and Dill, Jennifer},
	month = jan,
	year = {2016},
	pages = {9--27},
}

@online{Calgary2011,
  author = {{City of Calgary}},
  title = {Cycling Strategy},
  year = {2011},
  url = {https://www.calgary.ca/Transportation/TP/Documents/cycling/Cycling-Strategy/2011-cycling-strategy-presentation.pdf},
  urldate = {2020-04-09}
}

@article{Celis2017,
   author = {Celis-Morales, CA and Lyall, DM and Welsh, P et al.},
   title = {Association between active commuting and incident cardiovascular disease, cancer, and mortality: prospective cohort study},
   journal = {BMJ},
   volume = {357},
   pages = {j1456},
   DOI = {https://doi.org/10.1136/bmj.j1456},
   year = {2017},
   type = {Journal Article}
}

@article{Cervero2019,
	title = {Network design, built and natural environments, and bicycle commuting: Evidence from British cities and towns},
	volume = {74},
	issn = {0967070X},
	shorttitle = {Network design, built and natural environments, and bicycle commuting},
	url = {https://linkinghub.elsevier.com/retrieve/pii/S0967070X1830101X},
	doi = {10.1016/j.tranpol.2018.09.007},
	language = {en},
	journal = {Transport Policy},
	author = {Cervero, Robert and Denman, Steve and Jin, Ying},
	month = feb,
	year = {2019},
	pages = {153--164},
}

@article{Chen2018,
	title = {A GPS data-based analysis of built environment influences on bicyclist route preferences},
	volume = {12},
	issn = {1556-8318, 1556-8334},
	url = {https://www.tandfonline.com/doi/full/10.1080/15568318.2017.1349222},
	doi = {10.1080/15568318.2017.1349222},
	language = {en},
	number = {3},
	journal = {International Journal of Sustainable Transportation},
	author = {Chen, Peng and Shen, Qing and Childress, Suzanne},
	month = mar,
	year = {2018},
	pages = {218--231},
}

@article{cordy1993efficiency,
  title={Efficiency of least squares estimators in the presence of spatial autocorrelation},
  author={Cordy, Clifford B and Griffith, Daniel A},
  journal={Communications in Statistics-Simulation and Computation},
  volume={22},
  number={4},
  pages={1161--1179},
  year={1993},
  publisher={Taylor \& Francis}
}

@article{Chun2008,
	title = {Modeling network autocorrelation within migration flows by eigenvector spatial filtering},
	volume = {10},
	issn = {1435-5930, 1435-5949},
	url = {http://link.springer.com/10.1007/s10109-008-0068-2},
	doi = {10.1007/s10109-008-0068-2},
	language = {en},
	number = {4},
	journal = {Journal of Geographical Systems},
	author = {Chun, Yongwan},
	month = dec,
	year = {2008},
	pages = {317--344},
}

@online{Cmp2009,
  author = {{City of Hamilton}},
  title = {Shifting Gears 2009: Hamilton's Cycling Master Plan Review and Update},
  year = {2018},
  url = {https://www.hamilton.ca/sites/default/files/media/browser/2014-12-17/cycling-master-plan-chapters-1-2-3.pdf},
  urldate = {2020-04-10}
}

@online{Cmp2018,
  author = {{City of Hamilton}},
  title = {Cycling Master Plan Review and Update},
  year = {2018},
  url = {https://www.hamilton.ca/sites/default/files/media/browser/2018-06-06/draft-tmp-backgroundreport-cyclingmp-11-1.pdf},
  urldate = {2020-04-10}
}

@article{ColeHunter2015,
	title = {Objective correlates and determinants of bicycle commuting propensity in an urban environment},
	volume = {40},
	issn = {13619209},
	url = {https://linkinghub.elsevier.com/retrieve/pii/S1361920915000966},
	doi = {10.1016/j.trd.2015.07.004},
	language = {en},
	journal = {Transportation Research Part D: Transport and Environment},
	author = {Cole-Hunter, T and Donaire-Gonzalez, D and Curto, A and Ambros, A and Valentin, A and Garcia-Aymerich, J and Martínez, D and Braun, L.M and Mendez, M and Jerrett, M and Rodriguez, D and de Nazelle, A and Nieuwenhuijsen, M},
	month = oct,
	year = {2015},
	pages = {132--143},
}

@book{deDios2011Modelling,
  title={Modelling transport},
  author={de Dios Ort{\'u}zar, Juan and Willumsen, Luis G},
  year={2011},
  publisher={John wiley \& sons},
  edition={4},
}

@article{deNazelle2011,
  title={Improving health through policies that promote active travel: a review of evidence to support integrated health impact assessment},
  author={De Nazelle, Audrey and Nieuwenhuijsen, Mark J and Ant{\'o}, Josep M and Brauer, Michael and Briggs, David and Braun-Fahrlander, Charlotte and Cavill, Nick and Cooper, Ashley R and Desqueyroux, H{\'e}l{\`e}ne and Fruin, Scott and others},
  journal={Environment international},
  volume={37},
  number={4},
  pages={766-777},
  year={2011},
  publisher={Elsevier}
}

@article{Dill2003,
   author = {Dill, J and Carr, T},
   title = {Bicycle Commuting and Facilities in Major U.S. Cities: If You Build Them, Commuters Will Use Them},
   journal = {Transportation Research Record: Journal of the Transportation Research Board},
   volume = {1828},
   pages = {},
   DOI = {},
   year = {2003},
   type = {Journal Article}
}

@article{Dill2009,
	title = {Bicycling for Transportation and Health: The Role of Infrastructure},
	volume = {30},
	issn = {0197-5897, 1745-655X},
	url = {http://link.springer.com/10.1057/jphp.2008.56},
	doi = {10.1057/jphp.2008.56},
	language = {en},
	number = {S1},
	journal = {Journal of Public Health Policy},
	author = {Dill, Jennifer},
	month = jan,
	year = {2009},
	pages = {S95--S110},
}

@online{Dmg2014tts,
  author = {{Data Management Group}},
  title = {2011 TTS: Design and Conduct of the Survey},
  year = {2014},
  url = {http://dmg.utoronto.ca/pdf/tts/2011/conduct2011.pdf},
  urldate = {2020-04-09}
}

@online{Dmg2018tts,
  author = {{Data Management Group}},
  title = {2016 TTS: Design and Conduct of the Survey},
  year = {2018},
  url = {http://dmg.utoronto.ca/pdf/tts/2016/2016TTS_Conduct.pdf},
  urldate = {2020-04-09}
}

@article{elAssi2017effects,
  title={Effects of built environment and weather on bike sharing demand: a station level analysis of commercial bike sharing in Toronto},
  author={El-Assi, Wafic and Mahmoud, Mohamed Salah and Habib, Khandker Nurul},
  journal={Transportation},
  volume={44},
  number={3},
  pages={589--613},
  year={2017},
  publisher={Springer}
}

@article{Fraser2010,
   author = {Fraser, SD and Lock, K},
   title = {Cycling for transport and public health: a systematic review of the effect of the environment on cycling},
   journal = {European Journal of Public Health},
   volume = {21},
   pages = {738-43},
   DOI = {https://doi:10.1093/eurpub/ckq145},
   year = {2010},
   type = {Journal Article}
}

@Manual{Gandrud2017,
    title = {zeligverse: Easily Install and Load Stable Zelig Packages},
    author = {Christopher Gandrud},
    year = {2017},
    note = {R package version 0.1.1},
    url = {https://CRAN.R-project.org/package=zeligverse},
}

@book{griffith1999casebook,
  title={A casebook for spatial statistical data analysis: a compilation of analyses of different thematic data sets},
  author={Griffith, Daniel A and Layne, Larry J and Layne, Larry J and Ord, JK and Sone, Akio and others},
  year={1999},
  publisher={Oxford University Press on Demand}
}

@article{griffith1998quality,
  title={On the quality of likelihood-based estimators in spatial autoregressive models when the data dependence structure is misspecified},
  author={Griffith, Daniel A and Lagona, Francesco},
  journal={Journal of Statistical Planning and Inference},
  volume={69},
  number={1},
  pages={153--174},
  year={1998},
  publisher={Elsevier}
}

@article{Griffith2011,
	title = {Visualizing analytical spatial autocorrelation components latent in spatial interaction data: {An} eigenvector spatial filter approach},
	volume = {35},
	issn = {01989715},
	shorttitle = {Visualizing analytical spatial autocorrelation components latent in spatial interaction data},
	url = {https://linkinghub.elsevier.com/retrieve/pii/S0198971510000827},
	doi = {10.1016/j.compenvurbsys.2010.08.003},
	language = {en},
	number = {2},
	journal = {Computers, Environment and Urban Systems},
	author = {Griffith, Daniel A.},
	month = mar,
	year = {2011},
	pages = {140--149},
}

@article{handyPromotingCyclingTransport2014,
	title = {Promoting Cycling for Transport: Research Needs and Challenges},
	volume = {34},
	url = {https://doi.org/10.1080/01441647.2013.860204},
	language = {en},
	journal = {Transport Reviews},
	author = {Handy, Susan and van Wee, Bert and Kroesen, Maarten},
	year = {2014},
	pages = {4--24},
}

@article{Heesch2015,
	title = {Cycling for transport and recreation: {Associations} with the socio-economic, natural and built environment},
	volume = {36},
	issn = {13538292},
	shorttitle = {Cycling for transport and recreation},
	url = {https://linkinghub.elsevier.com/retrieve/pii/S1353829215001458},
	doi = {10.1016/j.healthplace.2015.10.004},
	language = {en},
	journal = {Health \& Place},
	author = {Heesch, Kristiann C. and Giles-Corti, Billie and Turrell, Gavin},
	month = nov,
	year = {2015},
	pages = {152--161},
}

@article{heinenCommutingBicycleOverview2010,
	title = {Commuting by Bicycle: An Overview of the Literature},
	volume = {30},
	url = {https://doi.org/10.1080/01441647.2013.860204},
	language = {en},
	journal = {Transport Reviews},
	author = {Heinen, Eva and van Wee, Bert and Maat, Kees},
	year = {2010},
	pages = {59--96},
}

@article{Jacqmin1997,
  title={Tests of geographical correlation with adjustment for explanatory variables: an application to dyspnoea in the elderly},
  author={Jacqmin-Gadda, H{\'e}l{\`e}ne and Commenges, Daniel and Nejjari, Chakib and Dartigues, Jean-Fran{\c{c}}ois},
  journal={Statistics in medicine},
  volume={16},
  number={11},
  pages={1283--1297},
  year={1997},
  publisher={Wiley Online Library}
}

@article{Le2018,
	title = {Correlates of the Built Environment and Active Travel: Evidence from 20 US Metropolitan Areas},
	volume = {126},
	issn = {0091-6765, 1552-9924},
	url = {https://ehp.niehs.nih.gov/doi/10.1289/EHP3389},
	doi = {10.1289/EHP3389},
	language = {en},
	number = {7},
	journal = {Environmental Health Perspectives},
	author = {Le, Huyen T.K. and Buehler, Ralph and Hankey, Steve},
	month = jul,
	year = {2018},
	pages = {077011},
}

@Manual{Lovelace2018,
    title = {cyclestreets: Cycle Routing and Data for Cycling Advocacy},
    author = {Robin Lovelace and Martin Lucas-Smith},
    year = {2018},
    note = {R package version 0.1.5},
    url = {https://CRAN.R-project.org/package=cyclestreets},
}

@article{Lu2018understanding,
  title={Understanding bike share cyclist route choice using GPS data: Comparing dominant routes and shortest paths},
  author={Lu, Wei and Scott, Darren M and Dalumpines, Ron},
  journal={Journal of Transport Geography},
  volume={71},
  pages={172--181},
  year={2018},
  publisher={Elsevier}
}

@article{liuWhatMakesGood2020,
  title={What Makes a Good Cargo Bike Route? Perspectives from Users and Planners},
  author={Liu, George and Nello-Deakin, Samuel and Brommelstroet te, Marco and Yamamoto, Yuki},
  journal={American Journal of Economics and Sociology},
  volume={73},
  pages={941--965},
  doi={10.1111/ajes.12332},
  year={2020},
  publisher={Wiley Online Library}
}

@article{McArthur2019,
	title = {Visualising where commuting cyclists travel using crowdsourced data},
	volume = {74},
	issn = {09666923},
	url = {https://linkinghub.elsevier.com/retrieve/pii/S0966692317307445},
	doi = {10.1016/j.jtrangeo.2018.11.018},
	language = {en},
	journal = {Journal of Transport Geography},
	author = {McArthur, David Philip and Hong, Jinhyun},
	month = jan,
	year = {2019},
	pages = {233--241},
}

@article{Mertens2017,
	title = {Built environmental correlates of cycling for transport across {Europe}},
	volume = {44},
	issn = {13538292},
	url = {https://linkinghub.elsevier.com/retrieve/pii/S1353829217300679},
	doi = {10.1016/j.healthplace.2017.01.007},
	language = {en},
	journal = {Health \& Place},
	author = {Mertens, Lieze and Compernolle, Sofie and Deforche, Benedicte and Mackenbach, Joreintje D. and Lakerveld, Jeroen and Brug, Johannes and Roda, Célina and Feuillet, Thierry and Oppert, Jean-Michel and Glonti, Ketevan and Rutter, Harry and Bardos, Helga and De Bourdeaudhuij, Ilse and Van Dyck, Delfien},
	month = mar,
	year = {2017},
	pages = {35--42},
}

@article{Metulini2018,
	title = {A {Spatial}-{Filtering} {Zero}-{Inflated} {Approach} to the {Estimation} of the {Gravity} {Model} of {Trade}},
	volume = {6},
	issn = {2225-1146},
	url = {http://www.mdpi.com/2225-1146/6/1/9},
	doi = {10.3390/econometrics6010009},
	language = {en},
	number = {1},
	journal = {Econometrics},
	author = {Metulini, Rodolfo and Patuelli, Roberto and Griffith, Daniel},
	month = feb,
	year = {2018},
	pages = {9},
}

@online{Mitra2016,
  author = {Mitra, R and Smith Lea, N and Cantello, I and Hanson, G},
  title = {Cycling Behaviour and Potential in the Greater Toronto and Hamilton Area},
  year = {2016},
  url = {http://transformlab.ryerson.ca/wp-content/uploads/2016/10/Cycling-potential-in-GTHA-final-report-2016.pdf},
  urldate = {2020-04-09}
}

@article{Moniruzzaman2012,
   author = {Moniruzzaman, M.d. and Páez, A},
   title = {A model-based approach to select case sites for walkability audits},
   journal = {Health & Place},
   volume = {18},
   number = {6},
   pages = {1323-1334},
   ISSN = {1353-8292},
   DOI = {10.1016/j.healthplace.2012.09.013},
   url = {<Go to ISI>://WOS:000311140800015},
   year = {2012},
   type = {Journal Article}
}

@article{Moniruzzaman2016,
   author = {Moniruzzaman, M.d. and Páez, A},
   title = {An investigation of the attributes of walkable environments from the perspective of seniors in Montreal},
   journal = {Journal of Transport Geography},
   volume = {51},
   pages = {85-96},
   ISSN = {0966-6923},
   DOI = {http://dx.doi.org/10.1016/j.jtrangeo.2015.12.001},
   url = {http://www.sciencedirect.com/science/article/pii/S0966692315002215},
   year = {2016},
   type = {Journal Article}
}

@online{Montreal2017,
  author = {{City of Montreal}},
  title = {Montreal, City of Cyclists; Cycling Master Plan: Safety, Efficiency, Audacity},
  year = {2017},
  url = {https://ville.montreal.qc.ca/pls/portal/docs/page/transports_fr/media/documents/plan_cadre_velo_ang_final_lr.pdf},
  urldate = {2020-04-09}
}

@article{Moudon2003walking,
  title={Walking and bicycling: an evaluation of environmental audit instruments},
  author={Moudon, Anne Vernez and Lee, Chanam},
  journal={American Journal of Health Promotion},
  volume={18},
  number={1},
  pages={21--37},
  year={2003},
  publisher={SAGE Publications}
}

@article{moudonCyclingBuiltEnvironment2005a,
  title={Cycling and the built environment, a US perspective},
  author={Moudon, Anne Vernez and Lee, Chanam and Cheadle, Allen D. and Collier, Cheza W. and Johnson, Donna and Schmid, Thomas L. and Weather, Robert D.},
  journal={Transportation Research Part D: Transport and Environment},
  volume={10},
  number={3},
  pages={245--261},
  year={2005},
  publisher={Elsevier}
}

@article{Nielsen2018,
	title = {Bikeability – Urban structures supporting cycling. Effects of local, urban and regional scale urban form factors on cycling from home and workplace locations in Denmark},
	volume = {69},
	issn = {09666923},
	url = {https://linkinghub.elsevier.com/retrieve/pii/S0966692317306385},
	doi = {10.1016/j.jtrangeo.2018.04.015},
	language = {en},
	journal = {Journal of Transport Geography},
	author = {Nielsen, Thomas Alexander Sick and Skov-Petersen, Hans},
	month = may,
	year = {2018},
	pages = {36--44},
}

@article{nolandBikeshareTripGeneration2016,
	title = {Bikeshare trip generation in New York City},
	volume = {94},
	issn = {0965-8564},
	url = {http://www.sciencedirect.com/science/article/pii/S0965856416307716},
	doi = {10.1016/j.tra.2016.08.030},
	language = {en},
	journal = {Transportation Research Part A: Policy and Practice},
	author = {Noland, Robert B. and Smart, Michael J. and Guo, Ziye},
	year = {2016},
	pages = {164-181},
}

@article{Nordengen2019,
	title = {Correlates of {Commuter} {Cycling} in {Three} {Norwegian} {Counties}},
	volume = {16},
	issn = {1660-4601},
	url = {https://www.mdpi.com/1660-4601/16/22/4372},
	doi = {10.3390/ijerph16224372},
	language = {en},
	number = {22},
	journal = {International Journal of Environmental Research and Public Health},
	author = {{Nordengen} and {Ruther} and {Riiser} and {Andersen} and {Solbraa}},
	month = nov,
	year = {2019},
	pages = {4372},
}

@article{Oja2011,
	title = {Health benefits of cycling: a systematic review},
	volume = {21},
	issn = {09057188},
	shorttitle = {Health benefits of cycling},
	url = {http://doi.wiley.com/10.1111/j.1600-0838.2011.01299.x},
	doi = {10.1111/j.1600-0838.2011.01299.x},
	language = {en},
	number = {4},
	journal = {Scandinavian Journal of Medicine \& Science in Sports},
	author = {Oja, P. and Titze, S. and Bauman, A. and de Geus, B. and Krenn, P. and Reger-Nash, B. and Kohlberger, T.},
	month = aug,
	year = {2011},
	pages = {496--509},
}

@Article{paezEnjoymentCommuteComparison2010,
    title = {Enjoyment of commute: A comparison of different transportation modes},
    author = {Páez, Antonio and Whalen, Kate},
    year = {2010},
    journal = {Transportation Research Part A: Policy and Practice},
    doi = {10.1016/j.tra.2010.04.003},
    pages = {537--549},
    volume = {44},
    number = {7},
  }

@Article{Pebesma2016,
    title = {Measurement Units in {R}},
    author = {Edzer Pebesma and Thomas Mailund and James Hiebert},
    year = {2016},
    journal = {R Journal},
    doi = {10.32614/RJ-2016-061},
    pages = {486--494},
    volume = {8},
    number = {2},
  }

@Article{Pebesma2018,
    author = {Edzer Pebesma},
    title = {{Simple Features for R: Standardized Support for Spatial Vector Data}},
    year = {2018},
    journal = {{The R Journal}},
    doi = {10.32614/RJ-2018-009},
    url = {https://doi.org/10.32614/RJ-2018-009},
    pages = {439--446},
    volume = {10},
    number = {1},
  }

@article{Pritchard2018,
	title = {Revealed Preference Methods for Studying Bicycle Route Choice - A Systematic Review},
	volume = {15},
	issn = {1660-4601},
	url = {http://www.mdpi.com/1660-4601/15/3/470},
	doi = {10.3390/ijerph15030470},
	language = {en},
	number = {3},
	journal = {International Journal of Environmental Research and Public Health},
	author = {Pritchard, Ray},
	month = mar,
	year = {2018},
	pages = {470},
}

@article{Pritchard2019,
	title = {Does new bicycle infrastructure result in new or rerouted bicyclists? A longitudinal GPS study in Oslo},
	volume = {77},
	issn = {09666923},
	url = {https://linkinghub.elsevier.com/retrieve/pii/S0966692318306689},
	doi = {10.1016/j.jtrangeo.2019.05.005},
	language = {en},
	journal = {Journal of Transport Geography},
	author = {Pritchard, Ray and Bucher, Dominik and Frøyen, Yngve},
	month = may,
	year = {2019},
	pages = {113--125},
}

@article{Pucher2006,
	title = {Why Canadians cycle more than Americans: A comparative analysis of bicycling trends and policies},
	volume = {13},
	issn = {0967-070X},
	url = {http://www.sciencedirect.com/science/article/pii/S0967070X05001381},
	doi = {10.1016/j.tranpol.2005.11.001},
	language = {en},
	number = {3},
	journal = {Transport Policy},
	author = {Pucher, John and Buehler, Ralph},
	year = {2006},
	pages = {265--279},
}

@article{Sallis2013,
	title = {Environmental and demographic correlates of bicycling},
	volume = {57},
	issn = {00917435},
	url = {https://linkinghub.elsevier.com/retrieve/pii/S0091743513002065},
	doi = {10.1016/j.ypmed.2013.06.014},
	language = {en},
	number = {5},
	journal = {Preventive Medicine},
	author = {Sallis, James F. and Conway, Terry L. and Dillon, Lianne I. and Frank, Lawrence D. and Adams, Marc A. and Cain, Kelli L. and Saelens, Brian E.},
	month = nov,
	year = {2013},
	pages = {456--460},
}

@article{Sarjala2019,
	title = {Built environment determinants of pedestrians’ and bicyclists’ route choices on commute trips: {Applying} a new grid-based method for measuring the built environment along the route},
	volume = {78},
	issn = {09666923},
	shorttitle = {Built environment determinants of pedestrians’ and bicyclists’ route choices on commute trips},
	url = {https://linkinghub.elsevier.com/retrieve/pii/S0966692318307877},
	doi = {10.1016/j.jtrangeo.2019.05.004},
	language = {en},
	journal = {Journal of Transport Geography},
	author = {Sarjala, Satu},
	month = jun,
	year = {2019},
	pages = {56--69},
}

@article{Schneider2015,
	title = {Neighborhood Characteristics That Support Bicycle Commuting: Analysis of the Top 100 U.S. Census Tracts},
	volume = {2520},
	url = {https://journals.sagepub.com/doi/abs/10.3141/2520-06},
	doi = {DOI: 10.3141/2520-06},
	language = {en},
	journal = {Transportation Research Record: Journal of the Transportation Research Board},
	author = {Schneider, Robert J. and Stefanich, Joseph},
	year = {2015},
	pages = {41--51},
}

@article{Scott2019factors,
  title={What factors influence bike share ridership? An investigation of Hamilton, Ontario’s bike share hubs},
  author={Scott, Darren M and Ciuro, Celenna},
  journal={Travel Behaviour and Society},
  volume={16},
  pages={50--58},
  year={2019},
  publisher={Elsevier}
}

@article{SkovPetersen2018,
	title = {How do cyclists make their way? - A GPS-based revealed preference study in Copenhagen},
	volume = {32},
	issn = {1365-8816, 1362-3087},
	url = {https://www.tandfonline.com/doi/full/10.1080/13658816.2018.1436713},
	doi = {10.1080/13658816.2018.1436713},
	language = {en},
	number = {7},
	journal = {International Journal of Geographical Information Science},
	author = {Skov-Petersen, Hans and Barkow, Bernhard and Lundhede, Thomas and Jacobsen, Jette Bredahl},
	month = jul,
	year = {2018},
	pages = {1469--1484},
}

@online{Statscan2017,
  author = {{Statistics Canada}},
  title = {Journey to work: Key results from the 2016 Census},
  year = {2017},
  url = {https://www150.statcan.gc.ca/n1/en/daily-quotidien/171129/dq171129c-eng.pdf?st=eVPg5Nih},
  urldate = {2020-04-09}
}

@online{Tmp2018,
  author = {{City of Hamilton}},
  title = {City of Hamilton Transportation Master Plan Review and Update},
  year = {2018},
  url = {https://www.hamilton.ca/sites/default/files/media/browser/2018-10-24/tmp-review-update-final-report-oct2018.pdf},
  urldate = {2020-04-10}
}

@online{Vancouver2012,
  author = {{City of Vancouver}},
  title = {Transportation 2040: Moving Forward},
  year = {2012},
  url = {https://vancouver.ca/files/cov/transportation-2040-plan.pdf},
  urldate = {2020-04-09}
}

@online{Verlinden2019,
	author = {{Verlinden, Y and Manaugh, K and Savan, B and Smith Lea, N and Tomalty, R and Winters, M}},
	title = {Increasing Cycling in Canada: A guide to what works},
	year = {2019},
	url = {https://www.tcat.ca/wp-content/uploads/2019/09/Increasing-Cycling-in-Canada-A-Guide-to-What-Works-2019-09-25.pdf},
	year = {2019},
	urldate = {2020-04-09}
}

@Article{Wickham2019,
    title = {Welcome to the {tidyverse}},
    author = {Hadley Wickham and Mara Averick and Jennifer Bryan and Winston Chang and Lucy D'Agostino McGowan and Romain François and Garrett Grolemund and Alex Hayes and Lionel Henry and Jim Hester and Max Kuhn and Thomas Lin Pedersen and Evan Miller and Stephan Milton Bache and Kirill Müller and Jeroen Ooms and David Robinson and Dana Paige Seidel and Vitalie Spinu and Kohske Takahashi and Davis Vaughan and Claus Wilke and Kara Woo and Hiroaki Yutani},
    year = {2019},
    journal = {Journal of Open Source Software},
    volume = {4},
    number = {43},
    pages = {1686},
    doi = {10.21105/joss.01686},
  }

@article{Winters2010,
	title = {Built Environment Influences on Healthy Transportation Choices: Bicycling versus Driving},
	volume = {87},
	issn = {1099-3460, 1468-2869},
	shorttitle = {Built {Environment} {Influences} on {Healthy} {Transportation} {Choices}},
	url = {http://link.springer.com/10.1007/s11524-010-9509-6},
	doi = {10.1007/s11524-010-9509-6},
	language = {en},
	number = {6},
	journal = {Journal of Urban Health},
	author = {Winters, Meghan and Brauer, Michael and Setton, Eleanor M. and Teschke, Kay},
	month = dec,
	year = {2010},
	pages = {969--993},
}

@article{Winters2011,
	title = {Motivators and deterrents of bicycling: comparing
influences on decisions to ride},
	volume = {38},
	url = {https://link.springer.com/article/10.1007/s11116-010-9284-y},
	doi = {10.1007/s11116-010-9284-y},
	language = {en},
	journal = {Transportation},
	author = {Winters, Meghan and Davidson, Gavin and Kao, Diana and Teschke, Kay},
	year = {2011},
	pages = {158--168},
}

@InCollection{Xie2014,
    booktitle = {Implementing Reproducible Computational Research},
    editor = {Victoria Stodden and Friedrich Leisch and Roger D. Peng},
    title = {knitr: A Comprehensive Tool for Reproducible Research in {R}},
    author = {Yihui Xie},
    publisher = {Chapman and Hall/CRC},
    year = {2014},
    note = {ISBN 978-1466561595},
    url = {http://www.crcpress.com/product/isbn/9781466561595},
  }

@Book{Xie2015,
    title = {Dynamic Documents with {R} and knitr},
    author = {Yihui Xie},
    publisher = {Chapman and Hall/CRC},
    address = {Boca Raton, Florida},
    year = {2015},
    edition = {2nd},
    note = {ISBN 978-1498716963},
    url = {https://yihui.org/knitr/},
  }

@article{yangCyclingfriendlyCityUpdated2019,
	title = {Towards a cycling-friendly city: An updated review of the associations between built environment and cycling behaviors (2007–2017)},
	volume = {14},
	url = {http://www.sciencedirect.com/science/article/pii/S2214140519301033},
	doi = {10.1016/j.jth.2019.100613},
	language = {en},
	journal = {Journal of Transport & Health},
	author = {Yang, Yiyang and Wu, Xueying and Zhao, Peiling and Gou, Zhonghua, and Lu, Yi},
	year = {2019},
	pages = {100613},
}

@article{Zahabi2016,
	title = {Exploring the link between the neighborhood typologies, bicycle infrastructure and commuting cycling over time and the potential impact on commuter GHG emissions},
	volume = {47},
	issn = {13619209},
	url = {https://linkinghub.elsevier.com/retrieve/pii/S136192091630270X},
	doi = {10.1016/j.trd.2016.05.008},
	language = {en},
	journal = {Transportation Research Part D: Transport and Environment},
	author = {Zahabi, Seyed Amir H. and Chang, Annie and Miranda-Moreno, Luis F. and Patterson, Zachary},
	month = aug,
	year = {2016},
	pages = {89--103},
}

@article{Zhao2014,
	title = {The Impact of the Built Environment on Bicycle Commuting: Evidence from Beijing},
	volume = {51},
	issn = {0042-0980, 1360-063X},
	url = {http://journals.sagepub.com/doi/10.1177/0042098013494423},
	doi = {10.1177/0042098013494423},
	language = {en},
	number = {5},
	journal = {Urban Studies},
	author = {Zhao, Pengjun},
	month = apr,
	year = {2014},
	pages = {1019--1037},
}

@Manual{Zhu2019,
    title = {kableExtra: Construct Complex Table with 'kable' and Pipe Syntax},
    author = {Hao Zhu},
    year = {2019},
    note = {R package version 1.1.0},
    url = {https://CRAN.R-project.org/package=kableExtra},
}